@article{schulman2017proximal,
  title={Proximal policy optimization algorithms},
  author={Schulman, John and Wolski, Filip and Dhariwal, Prafulla and Radford, Alec and Klimov, Oleg},
  journal={arXiv preprint arXiv:1707.06347},
  year={2017}
}

@article{gulcehre2023reinforced,
  title={Reinforced Self-Training (ReST) for Language Modeling},
  author={Gulcehre, Caglar and Paine, Tom Le and Srinivasan, Srivatsan and Konyushkova, Ksenia and Weerts, Lotte and Sharma, Abhishek and Siddhant, Aditya and Ahern, Alex and Wang, Miaosen and Gu, Chenjie and others},
  journal={arXiv preprint arXiv:2308.08998},
  year={2023}
}

@article{ouyang2022training,
  title={Training language models to follow instructions with human feedback},
  author={Ouyang, Long and Wu, Jeffrey and Jiang, Xu and Almeida, Diogo and Wainwright, Carroll and Mishkin, Pamela and Zhang, Chong and Agarwal, Sandhini and Slama, Katarina and Ray, Alex and others},
  journal={Advances in Neural Information Processing Systems},
  volume={35},
  pages={27730--27744},
  year={2022}
}

@inproceedings{gao2021simcse,
  title={SimCSE: Simple Contrastive Learning of Sentence Embeddings},
  author={Gao, Tianyu and Yao, Xingcheng and Chen, Danqi},
  booktitle={Proceedings of the 2021 Conference on Empirical Methods in Natural Language Processing},
  pages={6894--6910},
  year={2021}
}

@book{goodfellow2016deep,
title={Deep learning},
author={Goodfellow, Ian and Bengio, Yoshua and Courville, Aaron and Bengio, Yoshua},
volume={1},
year={2016},
publisher={MIT Press}
}

@article{kopf2023openassistant,
  title={OpenAssistant Conversations--Democratizing Large Language Model Alignment},
  author={K{\"o}pf, Andreas and Kilcher, Yannic and von R{\"u}tte, Dimitri and Anagnostidis, Sotiris and Tam, Zhi-Rui and Stevens, Keith and Barhoum, Abdullah and Duc, Nguyen Minh and Stanley, Oliver and Nagyfi, Rich{\'a}rd and others},
  journal={arXiv preprint arXiv:2304.07327},
  year={2023}
}

@article{llama2,
  title={Llama 2: Open foundation and fine-tuned chat models},
  author={Touvron, Hugo and Martin, Louis and Stone, Kevin and Albert, Peter and Almahairi, Amjad and Babaei, Yasmine and Bashlykov, Nikolay and Batra, Soumya and Bhargava, Prajjwal and Bhosale, Shruti and others},
  journal={arXiv preprint arXiv:2307.09288},
  year={2023}
}

@article{anthropic,
  title={Training a helpful and harmless assistant with reinforcement learning from human feedback},
  author={Bai, Yuntao and Jones, Andy and Ndousse, Kamal and Askell, Amanda and Chen, Anna and DasSarma, Nova and Drain, Dawn and Fort, Stanislav and Ganguli, Deep and Henighan, Tom and others},
  journal={arXiv preprint arXiv:2204.05862},
  year={2022}
}

@article{peng2023instruction,
  title={Instruction tuning with gpt-4},
  author={Peng, Baolin and Li, Chunyuan and He, Pengcheng and Galley, Michel and Gao, Jianfeng},
  journal={arXiv preprint arXiv:2304.03277},
  year={2023}
}

@article{zheng2023secrets,
  title={Secrets of RLHF in Large Language Models Part I: PPO},
  author={Zheng, Rui and Dou, Shihan and Gao, Songyang and Shen, Wei and Wang, Binghai and Liu, Yan and Jin, Senjie and Liu, Qin and Xiong, Limao and Chen, Lu and others},
  journal={arXiv preprint arXiv:2307.04964},
  year={2023}
}

@article{chen2023alpagasus,
  title={Alpagasus: Training a better alpaca with fewer data},
  author={Chen, Lichang and Li, Shiyang and Yan, Jun and Wang, Hai and Gunaratna, Kalpa and Yadav, Vikas and Tang, Zheng and Srinivasan, Vijay and Zhou, Tianyi and Huang, Heng and others},
  journal={arXiv preprint arXiv:2307.08701},
  year={2023}
}

@article{zhou2023lima,
  title={Lima: Less is more for alignment},
  author={Zhou, Chunting and Liu, Pengfei and Xu, Puxin and Iyer, Srini and Sun, Jiao and Mao, Yuning and Ma, Xuezhe and Efrat, Avia and Yu, Ping and Yu, Lili and others},
  journal={arXiv preprint arXiv:2305.11206},
  year={2023}
}

@article{wei2023instructiongpt,
  title={InstructionGPT-4: A 200-Instruction Paradigm for Fine-Tuning MiniGPT-4},
  author={Wei, Lai and Jiang, Zihao and Huang, Weiran and Sun, Lichao},
  journal={arXiv preprint arXiv:2308.12067},
  year={2023}
}

@article{bowman2022measuring,
  title={Measuring progress on scalable oversight for large language models},
  author={Bowman, Samuel R and Hyun, Jeeyoon and Perez, Ethan and Chen, Edwin and Pettit, Craig and Heiner, Scott and Luko{\v{s}}i{\=u}t{\.e}, Kamil{\.e} and Askell, Amanda and Jones, Andy and Chen, Anna and others},
  journal={arXiv preprint arXiv:2211.03540},
  year={2022}
}

@article{song2023preference,
  title={Preference ranking optimization for human alignment},
  author={Song, Feifan and Yu, Bowen and Li, Minghao and Yu, Haiyang and Huang, Fei and Li, Yongbin and Wang, Houfeng},
  journal={arXiv preprint arXiv:2306.17492},
  year={2023}
}

@article{rafailov2023direct,
  title={Direct preference optimization: Your language model is secretly a reward model},
  author={Rafailov, Rafael and Sharma, Archit and Mitchell, Eric and Ermon, Stefano and Manning, Christopher D and Finn, Chelsea},
  journal={arXiv preprint arXiv:2305.18290},
  year={2023}
}

@article{sun2023principle,
  title={Principle-driven self-alignment of language models from scratch with minimal human supervision},
  author={Sun, Zhiqing and Shen, Yikang and Zhou, Qinhong and Zhang, Hongxin and Chen, Zhenfang and Cox, David and Yang, Yiming and Gan, Chuang},
  journal={arXiv preprint arXiv:2305.03047},
  year={2023}
}

@article{li2023self,
  title={Self-alignment with instruction backtranslation},
  author={Li, Xian and Yu, Ping and Zhou, Chunting and Schick, Timo and Zettlemoyer, Luke and Levy, Omer and Weston, Jason and Lewis, Mike},
  journal={arXiv preprint arXiv:2308.06259},
  year={2023}
}

@article{silver2016mastering,
  title={Mastering the game of Go with deep neural networks and tree search},
  author={Silver, David and Huang, Aja and Maddison, Chris J and Guez, Arthur and Sifre, Laurent and Van Den Driessche, George and Schrittwieser, Julian and Antonoglou, Ioannis and Panneershelvam, Veda and Lanctot, Marc and others},
  journal={nature},
  volume={529},
  number={7587},
  pages={484--489},
  year={2016},
  publisher={Nature Publishing Group}
}

@inproceedings{gou2023critic,
  title={CRITIC: Large Language Models Can Self-Correct with Tool-Interactive Critiquing},
  author={Gou, Zhibin and Shao, Zhihong and Gong, Yeyun and Yang, Yujiu and Duan, Nan and Chen, Weizhu and others},
  booktitle={Second Agent Learning in Open-Endedness Workshop},
  year={2023}
}

@article{guo2024human,
  title={Human-instruction-free llm self-alignment with limited samples},
  author={Guo, Hongyi and Yao, Yuanshun and Shen, Wei and Wei, Jiaheng and Zhang, Xiaoying and Wang, Zhaoran and Liu, Yang},
  journal={arXiv preprint arXiv:2401.06785},
  year={2024}
}

@article{wang2023shepherd,
  title={Shepherd: A critic for language model generation},
  author={Wang, Tianlu and Yu, Ping and Tan, Xiaoqing Ellen and O'Brien, Sean and Pasunuru, Ramakanth and Dwivedi-Yu, Jane and Golovneva, Olga and Zettlemoyer, Luke and Fazel-Zarandi, Maryam and Celikyilmaz, Asli},
  journal={arXiv preprint arXiv:2308.04592},
  year={2023}
}

@article{yu2023metamath,
  title={Metamath: Bootstrap your own mathematical questions for large language models},
  author={Yu, Longhui and Jiang, Weisen and Shi, Han and Yu, Jincheng and Liu, Zhengying and Zhang, Yu and Kwok, James T and Li, Zhenguo and Weller, Adrian and Liu, Weiyang},
  journal={arXiv preprint arXiv:2309.12284},
  year={2023}
}

@article{saunders2022self,
  title={Self-critiquing models for assisting human evaluators},
  author={Saunders, William and Yeh, Catherine and Wu, Jeff and Bills, Steven and Ouyang, Long and Ward, Jonathan and Leike, Jan},
  journal={arXiv preprint arXiv:2206.05802},
  year={2022}
}

@article{dong2023raft,
  title={Raft: Reward ranked finetuning for generative foundation model alignment},
  author={Dong, Hanze and Xiong, Wei and Goyal, Deepanshu and Pan, Rui and Diao, Shizhe and Zhang, Jipeng and Shum, Kashun and Zhang, Tong},
  journal={arXiv preprint arXiv:2304.06767},
  year={2023}
}

@article{christiano2017deep,
  title={Deep reinforcement learning from human preferences},
  author={Christiano, Paul F and Leike, Jan and Brown, Tom and Martic, Miljan and Legg, Shane and Amodei, Dario},
  journal={Advances in neural information processing systems},
  volume={30},
  year={2017}
}

@article{yuan2023rrhf,
  title={Rrhf: Rank responses to align language models with human feedback without tears},
  author={Yuan, Zheng and Yuan, Hongyi and Tan, Chuanqi and Wang, Wei and Huang, Songfang and Huang, Fei},
  journal={arXiv preprint arXiv:2304.05302},
  year={2023}
}

@article{stiennon2020learning,
  title={Learning to summarize with human feedback},
  author={Stiennon, Nisan and Ouyang, Long and Wu, Jeffrey and Ziegler, Daniel and Lowe, Ryan and Voss, Chelsea and Radford, Alec and Amodei, Dario and Christiano, Paul F},
  journal={Advances in Neural Information Processing Systems},
  volume={33},
  pages={3008--3021},
  year={2020}
}

@article{bai2022constitutional,
  title={Constitutional ai: Harmlessness from ai feedback},
  author={Bai, Yuntao and Kadavath, Saurav and Kundu, Sandipan and Askell, Amanda and Kernion, Jackson and Jones, Andy and Chen, Anna and Goldie, Anna and Mirhoseini, Azalia and McKinnon, Cameron and others},
  journal={arXiv preprint arXiv:2212.08073},
  year={2022}
}

@article{glaese2022improving,
  title={Improving alignment of dialogue agents via targeted human judgements},
  author={Glaese, Amelia and McAleese, Nat and Trebacz, Maja and Aslanides, John and Firoiu, Vlad and Ewalds, Timo and Rauh, Maribeth and Weidinger, Laura and Chadwick, Martin and Thacker, Phoebe and others},
  journal={arXiv preprint arXiv:2209.14375},
  year={2022}
}

@article{leike2018scalable,
  title={Scalable agent alignment via reward modeling: a research direction},
  author={Leike, Jan and Krueger, David and Everitt, Tom and Martic, Miljan and Maini, Vishal and Legg, Shane},
  journal={arXiv preprint arXiv:1811.07871},
  year={2018}
}

@misc{math,
      title={Measuring Mathematical Problem Solving With the MATH Dataset}, 
      author={Dan Hendrycks and Collin Burns and Saurav Kadavath and Akul Arora and Steven Basart and Eric Tang and Dawn Song and Jacob Steinhardt},
      year={2021},
      eprint={2103.03874},
      archivePrefix={arXiv},
      primaryClass={cs.LG}
}

@article{wizardmath,
  title={WizardMath: Empowering Mathematical Reasoning for Large Language Models via Reinforced Evol-Instruct},
  author={Luo, Haipeng and Sun, Qingfeng and Xu, Can and Zhao, Pu and Lou, Jianguang and Tao, Chongyang and Geng, Xiubo and Lin, Qingwei and Chen, Shifeng and Zhang, Dongmei},
  journal={arXiv preprint arXiv:2308.09583},
  year={2023}
}

@article{option_mcts,
title = {Between MDPs and semi-MDPs: A framework for temporal abstraction in reinforcement learning},
journal = {Artificial Intelligence},
volume = {112},
number = {1},
pages = {181-211},
year = {1999},
issn = {0004-3702},
doi = {https://doi.org/10.1016/S0004-3702(99)00052-1},
url = {https://www.sciencedirect.com/science/article/pii/S0004370299000521},
author = {Richard S. Sutton and Doina Precup and Satinder Singh},
}

@inproceedings{qiu2022valuenet,
  title={Valuenet: A new dataset for human value driven dialogue system},
  author={Qiu, Liang and Zhao, Yizhou and Li, Jinchao and Lu, Pan and Peng, Baolin and Gao, Jianfeng and Zhu, Song-Chun},
  booktitle={Proceedings of the AAAI Conference on Artificial Intelligence},
  volume={36},
  number={10},
  pages={11183--11191},
  year={2022}
}

@article{gsm8k,
  title={Training verifiers to solve math word problems},
  author={Cobbe, Karl and Kosaraju, Vineet and Bavarian, Mohammad and Chen, Mark and Jun, Heewoo and Kaiser, Lukasz and Plappert, Matthias and Tworek, Jerry and Hilton, Jacob and Nakano, Reiichiro and others},
  journal={arXiv preprint arXiv:2110.14168},
  year={2021}
}

@article{skalse2022defining,
  title={Defining and characterizing reward gaming},
  author={Skalse, Joar and Howe, Nikolaus and Krasheninnikov, Dmitrii and Krueger, David},
  journal={Advances in Neural Information Processing Systems},
  volume={35},
  pages={9460--9471},
  year={2022}
}

@article{khetarpal2022towards,
  title={Towards continual reinforcement learning: A review and perspectives},
  author={Khetarpal, Khimya and Riemer, Matthew and Rish, Irina and Precup, Doina},
  journal={Journal of Artificial Intelligence Research},
  volume={75},
  pages={1401--1476},
  year={2022}
}

@article{gupta2023continual,
  title={Continual Pre-Training of Large Language Models: How to (re) warm your model?},
  author={Gupta, Kshitij and Th{\'e}rien, Benjamin and Ibrahim, Adam and Richter, Mats L and Anthony, Quentin and Belilovsky, Eugene and Rish, Irina and Lesort, Timoth{\'e}e},
  journal={arXiv preprint arXiv:2308.04014},
  year={2023}
}

@incollection{mccloskey1989catastrophic,
  title={Catastrophic interference in connectionist networks: The sequential learning problem},
  author={McCloskey, Michael and Cohen, Neal J},
  booktitle={Psychology of learning and motivation},
  volume={24},
  pages={109--165},
  year={1989},
  publisher={Elsevier}
}

@article{peng2023instruction,
  title={Instruction tuning with gpt-4},
  author={Peng, Baolin and Li, Chunyuan and He, Pengcheng and Galley, Michel and Gao, Jianfeng},
  journal={arXiv preprint arXiv:2304.03277},
  year={2023}
}

@article{openai2023gpt,
  title={GPT-4 technical report},
  author={OpenAI, R},
  journal={arXiv},
  pages={2303--08774},
  year={2023}
}

@article{brown2020language,
  title={Language models are few-shot learners},
  author={Brown, Tom and Mann, Benjamin and Ryder, Nick and Subbiah, Melanie and Kaplan, Jared D and Dhariwal, Prafulla and Neelakantan, Arvind and Shyam, Pranav and Sastry, Girish and Askell, Amanda and others},
  journal={Advances in neural information processing systems},
  volume={33},
  pages={1877--1901},
  year={2020}
}

@article{peng2023check,
  title={Check your facts and try again: Improving large language models with external knowledge and automated feedback},
  author={Peng, Baolin and Galley, Michel and He, Pengcheng and Cheng, Hao and Xie, Yujia and Hu, Yu and Huang, Qiuyuan and Liden, Lars and Yu, Zhou and Chen, Weizhu and others},
  journal={arXiv preprint arXiv:2302.12813},
  year={2023}
}

@article{zhang2023siren,
  title={Siren's Song in the AI Ocean: A Survey on Hallucination in Large Language Models},
  author={Zhang, Yue and Li, Yafu and Cui, Leyang and Cai, Deng and Liu, Lemao and Fu, Tingchen and Huang, Xinting and Zhao, Enbo and Zhang, Yu and Chen, Yulong and others},
  journal={arXiv preprint arXiv:2309.01219},
  year={2023}
}


@article{askell2021general,
  title={A general language assistant as a laboratory for alignment},
  author={Askell, Amanda and Bai, Yuntao and Chen, Anna and Drain, Dawn and Ganguli, Deep and Henighan, Tom and Jones, Andy and Joseph, Nicholas and Mann, Ben and DasSarma, Nova and others},
  journal={arXiv preprint arXiv:2112.00861},
  year={2021}
}


@article{ganguli2022red,
  title={Red teaming language models to reduce harms: Methods, scaling behaviors, and lessons learned},
  author={Ganguli, Deep and Lovitt, Liane and Kernion, Jackson and Askell, Amanda and Bai, Yuntao and Kadavath, Saurav and Mann, Ben and Perez, Ethan and Schiefer, Nicholas and Ndousse, Kamal and others},
  journal={arXiv preprint arXiv:2209.07858},
  year={2022}
}

@article{he2020deberta,
  title={Deberta: Decoding-enhanced bert with disentangled attention},
  author={He, Pengcheng and Liu, Xiaodong and Gao, Jianfeng and Chen, Weizhu},
  journal={arXiv preprint arXiv:2006.03654},
  year={2020}
}
@article{wang2023far,
  title={How Far Can Camels Go? Exploring the State of Instruction Tuning on Open Resources},
  author={Wang, Yizhong and Ivison, Hamish and Dasigi, Pradeep and Hessel, Jack and Khot, Tushar and Chandu, Khyathi Raghavi and Wadden, David and MacMillan, Kelsey and Smith, Noah A and Beltagy, Iz and others},
  journal={arXiv preprint arXiv:2306.04751},
  year={2023}
}

@article{wang2022self,
  title={Self-instruct: Aligning language model with self generated instructions},
  author={Wang, Yizhong and Kordi, Yeganeh and Mishra, Swaroop and Liu, Alisa and Smith, Noah A and Khashabi, Daniel and Hajishirzi, Hannaneh},
  journal={arXiv preprint arXiv:2212.10560},
  year={2022}
}
@misc{vicuna2023,
    title = {Vicuna: An Open-Source Chatbot Impressing GPT-4 with 90\%* ChatGPT Quality},
    url = {https://lmsys.org/blog/2023-03-30-vicuna/},
    author = {Chiang, Wei-Lin and Li, Zhuohan and Lin, Zi and Sheng, Ying and Wu, Zhanghao and Zhang, Hao and Zheng, Lianmin and Zhuang, Siyuan and Zhuang, Yonghao and Gonzalez, Joseph E. and Stoica, Ion and Xing, Eric P.},
    month = {March},
    year = {2023}
}
@misc{alpaca,
  author = {Rohan Taori and Ishaan Gulrajani and Tianyi Zhang and Yann Dubois and Xuechen Li and Carlos Guestrin and Percy Liang and Tatsunori B. Hashimoto },
  title = {Stanford Alpaca: An Instruction-following LLaMA model},
  year = {2023},
  publisher = {GitHub},
  journal = {GitHub repository},
  howpublished = {\url{https://github.com/tatsu-lab/stanford_alpaca}},
}

@article{feng2023alphazero,
  title={Alphazero-like tree-search can guide large language model decoding and training},
  author={Feng, Xidong and Wan, Ziyu and Wen, Muning and Wen, Ying and Zhang, Weinan and Wang, Jun},
  journal={arXiv preprint arXiv:2309.17179},
  year={2023}
}

@article{yao2024tree,
  title={Tree of thoughts: Deliberate problem solving with large language models},
  author={Yao, Shunyu and Yu, Dian and Zhao, Jeffrey and Shafran, Izhak and Griffiths, Tom and Cao, Yuan and Narasimhan, Karthik},
  journal={Advances in Neural Information Processing Systems},
  volume={36},
  year={2024}
}

@article{taylor2014reinforcement,
  title={Reinforcement learning agents providing advice in complex video games},
  author={Taylor, Matthew E and Carboni, Nicholas and Fachantidis, Anestis and Vlahavas, Ioannis and Torrey, Lisa},
  journal={Connection Science},
  volume={26},
  number={1},
  pages={45--63},
  year={2014},
  publisher={Taylor \& Francis}
}

@book{clouse1996integrating,
  title={On integrating apprentice learning and reinforcement learning},
  author={Clouse, Jeffery Allen},
  year={1996},
  publisher={University of Massachusetts Amherst}
}

@inproceedings{van2012revisiting,
  title={Revisiting move groups in monte-carlo tree search},
  author={Van Eyck, Gabriel and M{\"u}ller, Martin},
  booktitle={Advances in Computer Games: 13th International Conference, ACG 2011, Tilburg, The Netherlands, November 20-22, 2011, Revised Selected Papers 13},
  pages={13--23},
  year={2012},
  organization={Springer}
}

@inproceedings{gelly2007combining,
  title={Combining online and offline knowledge in UCT},
  author={Gelly, Sylvain and Silver, David},
  booktitle={Proceedings of the 24th international conference on Machine learning},
  pages={273--280},
  year={2007}
}

@article{gelly2011monte,
  title={Monte-Carlo tree search and rapid action value estimation in computer Go},
  author={Gelly, Sylvain and Silver, David},
  journal={Artificial Intelligence},
  volume={175},
  number={11},
  pages={1856--1875},
  year={2011},
  publisher={Elsevier}
}

@inproceedings{de2016monte,
  title={Monte carlo tree search with options for general video game playing},
  author={De Waard, Maarten and Roijers, Diederik M and Bakkes, Sander CJ},
  booktitle={2016 IEEE Conference on Computational Intelligence and Games (CIG)},
  pages={1--8},
  year={2016},
  organization={IEEE}
}

@article{silver2018general,
  title={A general reinforcement learning algorithm that masters chess, shogi, and Go through self-play},
  author={Silver, David and Hubert, Thomas and Schrittwieser, Julian and Antonoglou, Ioannis and Lai, Matthew and Guez, Arthur and Lanctot, Marc and Sifre, Laurent and Kumaran, Dharshan and Graepel, Thore and others},
  journal={Science},
  volume={362},
  number={6419},
  pages={1140--1144},
  year={2018},
  publisher={American Association for the Advancement of Science}
}

@article{zhu2024deductive,
  title={Deductive Beam Search: Decoding Deducible Rationale for Chain-of-Thought Reasoning},
  author={Zhu, Tinghui and Zhang, Kai and Xie, Jian and Su, Yu},
  journal={arXiv preprint arXiv:2401.17686},
  year={2024}
}

@article{xie2024self,
  title={Self-evaluation guided beam search for reasoning},
  author={Xie, Yuxi and Kawaguchi, Kenji and Zhao, Yiran and Zhao, James Xu and Kan, Min-Yen and He, Junxian and Xie, Michael},
  journal={Advances in Neural Information Processing Systems},
  volume={36},
  year={2024}
}

@article{long2023large,
  title={Large language model guided tree-of-thought},
  author={Long, Jieyi},
  journal={arXiv preprint arXiv:2305.08291},
  year={2023}
}

@inproceedings{besta2024graph,
  title={Graph of thoughts: Solving elaborate problems with large language models},
  author={Besta, Maciej and Blach, Nils and Kubicek, Ales and Gerstenberger, Robert and Podstawski, Michal and Gianinazzi, Lukas and Gajda, Joanna and Lehmann, Tomasz and Niewiadomski, Hubert and Nyczyk, Piotr and others},
  booktitle={Proceedings of the AAAI Conference on Artificial Intelligence},
  pages={17682--17690},
  year={2024}
}

@inproceedings{hao2023reasoning,
  title={Reasoning with Language Model is Planning with World Model},
  author={Hao, Shibo and Gu, Yi and Ma, Haodi and Hong, Joshua and Wang, Zhen and Wang, Daisy and Hu, Zhiting},
  booktitle={Proceedings of the 2023 Conference on Empirical Methods in Natural Language Processing},
  pages={8154--8173},
  year={2023}
}
@inproceedings{gao2023pal,
  title={Pal: Program-aided language models},
  author={Gao, Luyu and Madaan, Aman and Zhou, Shuyan and Alon, Uri and Liu, Pengfei and Yang, Yiming and Callan, Jamie and Neubig, Graham},
  booktitle={International Conference on Machine Learning},
  pages={10764--10799},
  year={2023},
  organization={PMLR}
}
@misc{abel,
  author = {Chern, Ethan and Zou, Haoyang and Li, Xuefeng and Hu, Jiewen and Feng, Kehua and Li, Junlong and Liu, Pengfei},
  title = {Generative AI for Math: Abel},
  year = {2023},
  publisher = {GitHub},
  journal = {GitHub repository},
  howpublished = {\url{https://github.com/GAIR-NLP/abel}},
}

@article{liu2023making,
  title={Making ppo even better: Value-guided monte-carlo tree search decoding},
  author={Liu, Jiacheng and Cohen, Andrew and Pasunuru, Ramakanth and Choi, Yejin and Hajishirzi, Hannaneh and Celikyilmaz, Asli},
  journal={arXiv preprint arXiv:2309.15028},
  year={2023}
}

@article{auer2002finite,
  title={Finite-time analysis of the multiarmed bandit problem},
  author={Auer, Peter and Cesa-Bianchi, Nicolo and Fischer, Paul},
  journal={Machine learning},
  volume={47},
  pages={235--256},
  year={2002},
  publisher={Springer}
}
@article{yuan2024self,
  title={Self-rewarding language models},
  author={Yuan, Weizhe and Pang, Richard Yuanzhe and Cho, Kyunghyun and Sukhbaatar, Sainbayar and Xu, Jing and Weston, Jason},
  journal={arXiv preprint arXiv:2401.10020},
  year={2024}
}
@article{yuan2024advancing,
  title={Advancing LLM Reasoning Generalists with Preference Trees},
  author={Yuan, Lifan and Cui, Ganqu and Wang, Hanbin and Ding, Ning and Wang, Xingyao and Deng, Jia and Shan, Boji and Chen, Huimin and Xie, Ruobing and Lin, Yankai and others},
  journal={arXiv preprint arXiv:2404.02078},
  year={2024}
}
@article{chen2024self,
  title={Self-play fine-tuning converts weak language models to strong language models},
  author={Chen, Zixiang and Deng, Yihe and Yuan, Huizhuo and Ji, Kaixuan and Gu, Quanquan},
  journal={arXiv preprint arXiv:2401.01335},
  year={2024}
}

@article{wei2022chain,
  title={Chain-of-thought prompting elicits reasoning in large language models},
  author={Wei, Jason and Wang, Xuezhi and Schuurmans, Dale and Bosma, Maarten and Xia, Fei and Chi, Ed and Le, Quoc V and Zhou, Denny and others},
  journal={Advances in neural information processing systems},
  volume={35},
  pages={24824--24837},
  year={2022}
}
@article{ding2023everything,
  title={Everything of thoughts: Defying the law of penrose triangle for thought generation},
  author={Ding, Ruomeng and Zhang, Chaoyun and Wang, Lu and Xu, Yong and Ma, Minghua and Zhang, Wei and Qin, Si and Rajmohan, Saravan and Lin, Qingwei and Zhang, Dongmei},
  journal={arXiv preprint arXiv:2311.04254},
  year={2023}
}
@article{team2023gemini,
  title={Gemini: a family of highly capable multimodal models},
  author={Team, Gemini and Anil, Rohan and Borgeaud, Sebastian and Wu, Yonghui and Alayrac, Jean-Baptiste and Yu, Jiahui and Soricut, Radu and Schalkwyk, Johan and Dai, Andrew M and Hauth, Anja and others},
  journal={arXiv preprint arXiv:2312.11805},
  year={2023}
}
@article{touvron2023llama,
  title={Llama 2: Open foundation and fine-tuned chat models},
  author={Touvron, Hugo and Martin, Louis and Stone, Kevin and Albert, Peter and Almahairi, Amjad and Babaei, Yasmine and Bashlykov, Nikolay and Batra, Soumya and Bhargava, Prajjwal and Bhosale, Shruti and others},
  journal={arXiv preprint arXiv:2307.09288},
  year={2023}
}

@article{lewkowycz2022solving,
  title={Solving quantitative reasoning problems with language models},
  author={Lewkowycz, Aitor and Andreassen, Anders and Dohan, David and Dyer, Ethan and Michalewski, Henryk and Ramasesh, Vinay and Slone, Ambrose and Anil, Cem and Schlag, Imanol and Gutman-Solo, Theo and others},
  journal={Advances in Neural Information Processing Systems},
  volume={35},
  pages={3843--3857},
  year={2022}
}

@article{chung2022scaling,
  title={Scaling instruction-finetuned language models},
  author={Chung, Hyung Won and Hou, Le and Longpre, Shayne and Zoph, Barret and Tay, Yi and Fedus, William and Li, Yunxuan and Wang, Xuezhi and Dehghani, Mostafa and Brahma, Siddhartha and others},
  journal={arXiv preprint arXiv:2210.11416},
  year={2022}
}

@article{huang2022large,
  title={Large language models can self-improve},
  author={Huang, Jiaxin and Gu, Shixiang Shane and Hou, Le and Wu, Yuexin and Wang, Xuezhi and Yu, Hongkun and Han, Jiawei},
  journal={arXiv preprint arXiv:2210.11610},
  year={2022}
}

@article{madaan2024self,
  title={Self-refine: Iterative refinement with self-feedback},
  author={Madaan, Aman and Tandon, Niket and Gupta, Prakhar and Hallinan, Skyler and Gao, Luyu and Wiegreffe, Sarah and Alon, Uri and Dziri, Nouha and Prabhumoye, Shrimai and Yang, Yiming and others},
  journal={Advances in Neural Information Processing Systems},
  volume={36},
  year={2024}
}
@article{nye2021show,
  title={Show your work: Scratchpads for intermediate computation with language models},
  author={Nye, Maxwell and Andreassen, Anders Johan and Gur-Ari, Guy and Michalewski, Henryk and Austin, Jacob and Bieber, David and Dohan, David and Lewkowycz, Aitor and Bosma, Maarten and Luan, David and others},
  journal={arXiv preprint arXiv:2112.00114},
  year={2021}
}
@inproceedings{sutskever2008mimicking,
  title={Mimicking go experts with convolutional neural networks},
  author={Sutskever, Ilya and Nair, Vinod},
  booktitle={Artificial Neural Networks-ICANN 2008: 18th International Conference, Prague, Czech Republic, September 3-6, 2008, Proceedings, Part II 18},
  pages={101--110},
  year={2008},
  organization={Springer}
}

@article{silver2017mastering,
  title={Mastering chess and shogi by self-play with a general reinforcement learning algorithm},
  author={Silver, David and Hubert, Thomas and Schrittwieser, Julian and Antonoglou, Ioannis and Lai, Matthew and Guez, Arthur and Lanctot, Marc and Sifre, Laurent and Kumaran, Dharshan and Graepel, Thore and others},
  journal={arXiv preprint arXiv:1712.01815},
  year={2017}
}
@inproceedings{clark2015training,
  title={Training deep convolutional neural networks to play go},
  author={Clark, Christopher and Storkey, Amos},
  booktitle={International conference on machine learning},
  pages={1766--1774},
  year={2015},
  organization={PMLR}
}
@article{sutton1999between,
  title={Between MDPs and semi-MDPs: A framework for temporal abstraction in reinforcement learning},
  author={Sutton, Richard S and Precup, Doina and Singh, Satinder},
  journal={Artificial intelligence},
  volume={112},
  number={1-2},
  pages={181--211},
  year={1999},
  publisher={Elsevier}
}

@inproceedings{peng2017composite,
  title={Composite Task-Completion Dialogue Policy Learning via Hierarchical Deep Reinforcement Learning},
  author={Peng, Baolin and Li, Xiujun and Li, Lihong and Gao, Jianfeng and Celikyilmaz, Asli and Lee, Sungjin and Wong, Kam-Fai},
  booktitle={Proceedings of the 2017 Conference on Empirical Methods in Natural Language Processing},
  year={2017},
  organization={Association for Computational Linguistics}
}
@article{Ramamurthy2022IsRL,
  title={Is Reinforcement Learning (Not) for Natural Language Processing?: Benchmarks, Baselines, and Building Blocks for Natural Language Policy Optimization},
  author={Rajkumar Ramamurthy and Prithviraj Ammanabrolu and Kiant{\'e} Brantley and Jack Hessel and Rafet Sifa and Christian Bauckhage and Hannaneh Hajishirzi and Yejin Choi},
  journal={ArXiv},
  year={2022},
  volume={abs/2210.01241},
  url={https://api.semanticscholar.org/CorpusID:252693405}
}
@article{Luketina2019ASO,
  title={A Survey of Reinforcement Learning Informed by Natural Language},
  author={Jelena Luketina and Nantas Nardelli and Gregory Farquhar and Jakob N. Foerster and Jacob Andreas and Edward Grefenstette and Shimon Whiteson and Tim Rockt{\"a}schel},
  journal={ArXiv},
  year={2019},
  volume={abs/1906.03926},
  url={https://api.semanticscholar.org/CorpusID:182952502}
}

@book{sutton1984temporal,
  title={Temporal credit assignment in reinforcement learning},
  author={Sutton, Richard Stuart},
  year={1984},
  publisher={University of Massachusetts Amherst}
}

@article{lightman2023let,
  title={Let's Verify Step by Step},
  author={Lightman, Hunter and Kosaraju, Vineet and Burda, Yura and Edwards, Harri and Baker, Bowen and Lee, Teddy and Leike, Jan and Schulman, John and Sutskever, Ilya and Cobbe, Karl},
  journal={arXiv preprint arXiv:2305.20050},
  year={2023}
}

@book{sutton2018reinforcement,
  title={Reinforcement learning: An introduction},
  author={Sutton, Richard S and Barto, Andrew G},
  year={2018},
  publisher={MIT press}
}

@article{chentanez2004intrinsically,
  title={Intrinsically motivated reinforcement learning},
  author={Chentanez, Nuttapong and Barto, Andrew and Singh, Satinder},
  journal={Advances in neural information processing systems},
  volume={17},
  year={2004}
}

@article{xu2023wizardlm,
  title={Wizardlm: Empowering large language models to follow complex instructions},
  author={Xu, Can and Sun, Qingfeng and Zheng, Kai and Geng, Xiubo and Zhao, Pu and Feng, Jiazhan and Tao, Chongyang and Jiang, Daxin},
  journal={arXiv preprint arXiv:2304.12244},
  year={2023}
}
@article{valmeekam2022large,
  title={Large language models still can't plan (a benchmark for llms on planning and reasoning about change)},
  author={Valmeekam, Karthik and Olmo, Alberto and Sreedharan, Sarath and Kambhampati, Subbarao},
  journal={arXiv preprint arXiv:2206.10498},
  year={2022}
}
@article{kambhampati2024llms,
  title={LLMs Can't Plan, But Can Help Planning in LLM-Modulo Frameworks},
  author={Kambhampati, Subbarao and Valmeekam, Karthik and Guan, Lin and Stechly, Kaya and Verma, Mudit and Bhambri, Siddhant and Saldyt, Lucas and Murthy, Anil},
  journal={arXiv preprint arXiv:2402.01817},
  year={2024}
}
@article{stechly2024self,
  title={On the Self-Verification Limitations of Large Language Models on Reasoning and Planning Tasks},
  author={Stechly, Kaya and Valmeekam, Karthik and Kambhampati, Subbarao},
  journal={arXiv preprint arXiv:2402.08115},
  year={2024}
}
@article{huang2023large,
  title={Large language models cannot self-correct reasoning yet},
  author={Huang, Jie and Chen, Xinyun and Mishra, Swaroop and Zheng, Huaixiu Steven and Yu, Adams Wei and Song, Xinying and Zhou, Denny},
  journal={arXiv preprint arXiv:2310.01798},
  year={2023}
}
@article{hong2023closer,
  title={A Closer Look at the Self-Verification Abilities of Large Language Models in Logical Reasoning},
  author={Hong, Ruixin and Zhang, Hongming and Pang, Xinyu and Yu, Dong and Zhang, Changshui},
  journal={arXiv preprint arXiv:2311.07954},
  year={2023}
}
@article{wang2023math,
  title={Math-shepherd: Verify and reinforce llms step-by-step without human annotations},
  author={Wang, Peiyi and Li, Lei and Shao, Zhihong and Xu, RX and Dai, Damai and Li, Yifei and Chen, Deli and Wu, Y and Sui, Zhifang},
  journal={CoRR, abs/2312.08935},
  year={2023}
}
@article{gou2023tora,
  title={Tora: A tool-integrated reasoning agent for mathematical problem solving},
  author={Gou, Zhibin and Shao, Zhihong and Gong, Yeyun and Yang, Yujiu and Huang, Minlie and Duan, Nan and Chen, Weizhu and others},
  journal={arXiv preprint arXiv:2309.17452},
  year={2023}
}
@inproceedings{abel2018state,
  title={State abstractions for lifelong reinforcement learning},
  author={Abel, David and Arumugam, Dilip and Lehnert, Lucas and Littman, Michael},
  booktitle={International Conference on Machine Learning},
  pages={10--19},
  year={2018},
  organization={PMLR}
}
@article{fu2024accelerating,
  title={Accelerating Monte Carlo Tree Search with Probability Tree State Abstraction},
  author={Fu, Yangqing and Sun, Ming and Nie, Buqing and Gao, Yue},
  journal={Advances in Neural Information Processing Systems},
  volume={36},
  year={2024}
}
@article{uesato2022solving,
  title={Solving math word problems with process-and outcome-based feedback},
  author={Uesato, Jonathan and Kushman, Nate and Kumar, Ramana and Song, Francis and Siegel, Noah and Wang, Lisa and Creswell, Antonia and Irving, Geoffrey and Higgins, Irina},
  journal={arXiv preprint arXiv:2211.14275},
  year={2022}
}
@article{zelikman2022star,
  title={Star: Bootstrapping reasoning with reasoning},
  author={Zelikman, Eric and Wu, Yuhuai and Mu, Jesse and Goodman, Noah},
  journal={Advances in Neural Information Processing Systems},
  volume={35},
  pages={15476--15488},
  year={2022}
}
@article{zelikman2024quiet,
  title={Quiet-star: Language models can teach themselves to think before speaking},
  author={Zelikman, Eric and Harik, Georges and Shao, Yijia and Jayasiri, Varuna and Haber, Nick and Goodman, Noah D},
  journal={arXiv preprint arXiv:2403.09629},
  year={2024}
}