@article{izmailov2018averaging,
  title={Averaging weights leads to wider optima and better generalization},
  author={Izmailov, Pavel and Podoprikhin, Dmitrii and Garipov, Timur and Vetrov, Dmitry and Wilson, Andrew Gordon},
  journal={UAI},
  year={2018}
}

@inproceedings{wortsman2022model,
  title={Model soups: averaging weights of multiple fine-tuned models improves accuracy without increasing inference time},
  author={Wortsman, Mitchell and Ilharco, Gabriel and Gadre, Samir Ya and Roelofs, Rebecca and Gontijo-Lopes, Raphael and Morcos, Ari S and Namkoong, Hongseok and Farhadi, Ali and Carmon, Yair and Kornblith, Simon and others},
  booktitle={ICML},
  year={2022}
}

@article{matena2021merging,
  title={Merging models with fisher-weighted averaging},
  author={Matena, Michael and Raffel, Colin},
  journal={arXiv:2111.09832},
  year={2021}
}

@article{ainsworth2022git,
  title={Git re-basin: Merging models modulo permutation symmetries},
  author={Ainsworth, Samuel K and Hayase, Jonathan and Srinivasa, Siddhartha},
  journal={arXiv:2209.04836},
  year={2022}
}

@article{jordan2022repair,
  title={REPAIR: REnormalizing Permuted Activations for Interpolation Repair},
  author={Jordan, Keller and Sedghi, Hanie and Saukh, Olga and Entezari, Rahim and Neyshabur, Behnam},
  journal={arXiv:2211.08403},
  year={2022}
}

@article{garipov2018loss,
  title={Loss surfaces, mode connectivity, and fast ensembling of dnns},
  author={Garipov, Timur and Izmailov, Pavel and Podoprikhin, Dmitrii and Vetrov, Dmitry P and Wilson, Andrew G},
  journal={NeurIPS},
  year={2018}
}

@inproceedings{frankle2020linear,
  title={Linear mode connectivity and the lottery ticket hypothesis},
  author={Frankle, Jonathan and Dziugaite, Gintare Karolina and Roy, Daniel and Carbin, Michael},
  booktitle={ICML},
  year={2020},
}

@article{entezari2021role,
  title={The role of permutation invariance in linear mode connectivity of neural networks},
  author={Entezari, Rahim and Sedghi, Hanie and Saukh, Olga and Neyshabur, Behnam},
  journal={arXiv:2110.06296},
  year={2021}
}

@inproceedings{wortsman2022robust,
  title={Robust fine-tuning of zero-shot models},
  author={Wortsman, Mitchell and Ilharco, Gabriel and Kim, Jong Wook and Li, Mike and Kornblith, Simon and Roelofs, Rebecca and Lopes, Raphael Gontijo and Hajishirzi, Hannaneh and Farhadi, Ali and Namkoong, Hongseok and others},
  booktitle={CVPR},
  year={2022}
}

@inproceedings{draxler2018essentially,
  title={Essentially no barriers in neural network energy landscape},
  author={Draxler, Felix and Veschgini, Kambis and Salmhofer, Manfred and Hamprecht, Fred},
  booktitle={ICML},
  year={2018},
}

@article{freeman2016topology,
  title={Topology and geometry of half-rectified network optimization},
  author={Freeman, C Daniel and Bruna, Joan},
  journal={arXiv:1611.01540},
  year={2016}
}

@article{tatro2020optimizing,
  title={Optimizing mode connectivity via neuron alignment},
  author={Tatro, Norman and Chen, Pin-Yu and Das, Payel and Melnyk, Igor and Sattigeri, Prasanna and Lai, Rongjie},
  journal={NeurIPS},
  year={2020}
}
@article{singh2020model,
  title={Model fusion via optimal transport},
  author={Singh, Sidak Pal and Jaggi, Martin},
  journal={NeurIPS},
  year={2020}
}

@article{wang2020federated,
  title={Federated learning with matched averaging},
  author={Wang, Hongyi and Yurochkin, Mikhail and Sun, Yuekai and Papailiopoulos, Dimitris and Khazaeni, Yasaman},
  journal={arXiv:2002.06440},
  year={2020}
}

@inproceedings{ashmore2015method,
  title={A method for finding similarity between multi-layer perceptrons by Forward Bipartite Alignment},
  author={Ashmore, Stephen and Gashler, Michael},
  booktitle={IJCNN},
  year={2015},
}

@inproceedings{liu2022deep,
  title={Deep neural network fusion via graph matching with applications to model ensemble and federated learning},
  author={Liu, Chang and Lou, Chenfei and Wang, Runzhong and Xi, Alan Yuhan and Shen, Li and Yan, Junchi},
  booktitle={ICML},
  year={2022},
}

@inproceedings{uriot2020safe,
  title={Safe crossover of neural networks through neuron alignment},
  author={Uriot, Thomas and Izzo, Dario},
  booktitle={GECCO},
  year={2020}
}

@inproceedings{kornblith2019similarity,
  title={Similarity of neural network representations revisited},
  author={Kornblith, Simon and Norouzi, Mohammad and Lee, Honglak and Hinton, Geoffrey},
  booktitle={ICML},
  year={2019},
}

@article{von2020neural,
  title={Neural networks with late-phase weights},
  author={Von Oswald, Johannes and Kobayashi, Seijin and Sacramento, Joao and Meulemans, Alexander and Henning, Christian and Grewe, Benjamin F},
  journal={arXiv:2007.12927},
  year={2020}
}

@article{pena2022re,
  title={Re-basin via implicit Sinkhorn differentiation},
  author={Pe{\~n}a, Fidel A Guerrero and Medeiros, Heitor Rapela and Dubail, Thomas and Aminbeidokhti, Masih and Granger, Eric and Pedersoli, Marco},
  journal={arXiv:2212.12042},
  year={2022}
}

@article{akash2022wasserstein,
  title={Wasserstein Barycenter-based Model Fusion and Linear Mode Connectivity of Neural Networks},
  author={Akash, Aditya Kumar and Li, Sixu and Trillos, Nicol{\'a}s Garc{\'\i}a},
  journal={arXiv:2210.06671},
  year={2022}
}

@inproceedings{mcmahan2017communication,
  title={Communication-efficient learning of deep networks from decentralized data},
  author={McMahan, Brendan and Moore, Eider and Ramage, Daniel and Hampson, Seth and y Arcas, Blaise Aguera},
  booktitle={Artificial intelligence and statistics},
  year={2017},
  organization={PMLR}
}

@inproceedings{yurochkin2019bayesian,
  title={Bayesian nonparametric federated learning of neural networks},
  author={Yurochkin, Mikhail and Agarwal, Mayank and Ghosh, Soumya and Greenewald, Kristjan and Hoang, Nghia and Khazaeni, Yasaman},
  booktitle={ICML},
  year={2019},
}

@article{krizhevsky2017imagenet,
  title={Imagenet classification with deep convolutional neural networks},
  author={Krizhevsky, Alex and Sutskever, Ilya and Hinton, Geoffrey E},
  journal={Communications of the ACM},
  year={2017},
}

@inproceedings{deng2009imagenet,
  title={Imagenet: A large-scale hierarchical image database},
  author={Deng, Jia and Dong, Wei and Socher, Richard and Li, Li-Jia and Li, Kai and Fei-Fei, Li},
  booktitle={CVPR},
  year={2009},
}

@inproceedings{zhou2017scene,
  title={Scene parsing through ade20k dataset},
  author={Zhou, Bolei and Zhao, Hang and Puig, Xavier and Fidler, Sanja and Barriuso, Adela and Torralba, Antonio},
  booktitle={CVPR},
  year={2017}
}

@inproceedings{gemmeke2017audio,
  title={Audio set: An ontology and human-labeled dataset for audio events},
  author={Gemmeke, Jort F and Ellis, Daniel PW and Freedman, Dylan and Jansen, Aren and Lawrence, Wade and Moore, R Channing and Plakal, Manoj and Ritter, Marvin},
  booktitle={ICASSP},
  year={2017},
}

@inproceedings{he2017mask,
  title={Mask r-cnn},
  author={He, Kaiming and Gkioxari, Georgia and Doll{\'a}r, Piotr and Girshick, Ross},
  booktitle={ICCV},
  year={2017}
}

@inproceedings{tian2019fcos,
  title={Fcos: Fully convolutional one-stage object detection},
  author={Tian, Zhi and Shen, Chunhua and Chen, Hao and He, Tong},
  booktitle={ICCV},
  year={2019}
}

@inproceedings{bolya2019yolact,
  title={Yolact: Real-time instance segmentation},
  author={Bolya, Daniel and Zhou, Chong and Xiao, Fanyi and Lee, Yong Jae},
  booktitle={ICCV},
  year={2019}
}

@inproceedings{li2022exploring,
  title={Exploring plain vision transformer backbones for object detection},
  author={Li, Yanghao and Mao, Hanzi and Girshick, Ross and He, Kaiming},
  booktitle={ECCV},
  year={2022},
}

@inproceedings{karras2018style,
  title={A style-based generator architecture for generative adversarial networks},
  author={Karras, Tero and Laine, Samuli and Aila, Timo},
  booktitle={CVPR},
  year={2018}
}

@inproceedings{rombach2022high,
  title={High-resolution image synthesis with latent diffusion models},
  author={Rombach, Robin and Blattmann, Andreas and Lorenz, Dominik and Esser, Patrick and Ommer, Bj{\"o}rn},
  booktitle={CVPR},
  year={2022}
}

@article{li2017learning,
  title={Learning without forgetting},
  author={Li, Zhizhong and Hoiem, Derek},
  journal={TPAMI},
  year={2017},
}

@article{de2021continual,
  title={A continual learning survey: Defying forgetting in classification tasks},
  author={De Lange, Matthias and Aljundi, Rahaf and Masana, Marc and Parisot, Sarah and Jia, Xu and Leonardis, Ale{\v{s}} and Slabaugh, Gregory and Tuytelaars, Tinne},
  journal={TPAMI},
  year={2021},
}

@article{wang2022generalizing,
  title={Generalizing to unseen domains: A survey on domain generalization},
  author={Wang, Jindong and Lan, Cuiling and Liu, Chang and Ouyang, Yidong and Qin, Tao and Lu, Wang and Chen, Yiqiang and Zeng, Wenjun and Yu, Philip},
  journal={TKDE},
  year={2022},
}

@article{he2015deep,
  title={Deep residual learning for image recognition},
  author={He, Kaiming and Zhang, Xiangyu and Ren, Shaoqing and Sun, Jian},
  booktitle={CVPR},
  year={2016}
}

@article{krizhevsky2009learning,
  title={Learning multiple layers of features from tiny images},
  author={Krizhevsky, Alex and Hinton, Geoffrey and others},
  year={2009},
}
@article{frankle2018lottery,
  title={The lottery ticket hypothesis: Finding sparse, trainable neural networks},
  author={Frankle, Jonathan and Carbin, Michael},
  journal={arXiv:1803.03635},
  year={2018}
}

@article{dosovitskiy2020image,
  title={An image is worth 16x16 words: Transformers for image recognition at scale},
  author={Dosovitskiy, Alexey and Beyer, Lucas and Kolesnikov, Alexander and Weissenborn, Dirk and Zhai, Xiaohua and Unterthiner, Thomas and Dehghani, Mostafa and Minderer, Matthias and Heigold, Georg and Gelly, Sylvain and others},
  journal={arXiv:2010.11929},
  year={2020}
}

@inproceedings{shaham2019singan,
  title={Singan: Learning a generative model from a single natural image},
  author={Shaham, Tamar Rott and Dekel, Tali and Michaeli, Tomer},
  booktitle={ICCV},
  year={2019}
}

@inproceedings{radford2021learning,
  title={Learning transferable visual models from natural language supervision},
  author={Radford, Alec and Kim, Jong Wook and Hallacy, Chris and Ramesh, Aditya and Goh, Gabriel and Agarwal, Sandhini and Sastry, Girish and Askell, Amanda and Mishkin, Pamela and Clark, Jack and others},
  booktitle={ICML},
  year={2021},
}

@inproceedings{macqueen1967classification,
  title={Classification and analysis of multivariate observations},
  author={MacQueen, J},
  booktitle={5th Berkeley Symp. Math. Statist. Probability},
  year={1967}
}

@article{mcquitty1957elementary,
  title={Elementary linkage analysis for isolating orthogonal and oblique types and typal relevancies},
  author={McQuitty, Louis L},
  journal={Educational and psychological measurement},
  year={1957},
}

@inproceedings{li2020knowledge,
  title={Knowledge distillation for multi-task learning},
  author={Li, Wei-Hong and Bilen, Hakan},
  booktitle={ECCV},
  year={2020},
}

@article{neyshabur2020being,
  title={What is being transferred in transfer learning?},
  author={Neyshabur, Behnam and Sedghi, Hanie and Zhang, Chiyuan},
  journal={NeurIPS},
  year={2020}
}
@article{ho2020denoising,
  title={Denoising diffusion probabilistic models},
  author={Ho, Jonathan and Jain, Ajay and Abbeel, Pieter},
  journal={NeurIPS},
    year={2020}
}

@inproceedings{zhai2022scaling,
  title={Scaling vision transformers},
  author={Zhai, Xiaohua and Kolesnikov, Alexander and Houlsby, Neil and Beyer, Lucas},
  booktitle={CVPR},
  year={2022}
}

@article{dehghani2023scalingvit22b,
  title={Scaling Vision Transformers to 22 Billion Parameters},
  author={Dehghani, Mostafa and Djolonga, Josip and Mustafa, Basil and Padlewski, Piotr and Heek, Jonathan and Gilmer, Justin and Steiner, Andreas and Caron, Mathilde and Geirhos, Robert and Alabdulmohsin, Ibrahim and others},
  journal={arXiv:2302.05442},
  year={2023}
}

@article{kirkpatrick2017overcoming,
  title={Overcoming catastrophic forgetting in neural networks},
  author={Kirkpatrick, James and Pascanu, Razvan and Rabinowitz, Neil and Veness, Joel and Desjardins, Guillaume and Rusu, Andrei A and Milan, Kieran and Quan, John and Ramalho, Tiago and Grabska-Barwinska, Agnieszka and others},
  journal={PNAS},
  year={2017},
}


@article{he2018multi,
  title={Multi-task zipping via layer-wise neuron sharing},
  author={He, Xiaoxi and Zhou, Zimu and Thiele, Lothar},
  journal={NeurIPS},
  year={2018}
}


@InProceedings{muandet2013domain,
  title = 	 {Domain Generalization via Invariant Feature Representation},
  author = 	 {Muandet, Krikamol and Balduzzi, David and Schölkopf, Bernhard},
  booktitle = 	 {ICML},
  year = 	 {2013},
}

@inproceedings{blanchard2011generalizing,
 author = {Blanchard, Gilles and Lee, Gyemin and Scott, Clayton},
 booktitle = {NeurIPS},
 title = {Generalizing from Several Related Classification Tasks to a New Unlabeled Sample},
 year = {2011}
}

@article{krizhevsky2009cifar,
  title={Learning multiple layers of features from tiny images},
  author={Krizhevsky, Alex and Hinton, Geoffrey and others},
  year={2009},
}

@article{huang2017snapshot,
  title={Snapshot ensembles: Train 1, get m for free},
  author={Huang, Gao and Li, Yixuan and Pleiss, Geoff and Liu, Zhuang and Hopcroft, John E and Weinberger, Kilian Q},
  journal={arXiv:1704.00109},
  year={2017}
}

@inproceedings{cai2021exponential,
  title={Exponential moving average normalization for self-supervised and semi-supervised learning},
  author={Cai, Zhaowei and Ravichandran, Avinash and Maji, Subhransu and Fowlkes, Charless and Tu, Zhuowen and Soatto, Stefano},
  booktitle={CVPR},
  year={2021}
}

@article{tarvainen2017mean,
  title={Mean teachers are better role models: Weight-averaged consistency targets improve semi-supervised deep learning results},
  author={Tarvainen, Antti and Valpola, Harri},
  journal={NeurIPS},
  year={2017}
}

@article{grill2020bootstrap,
  title={Bootstrap your own latent-a new approach to self-supervised learning},
  author={Grill, Jean-Bastien and Strub, Florian and Altch{\'e}, Florent and Tallec, Corentin and Richemond, Pierre and Buchatskaya, Elena and Doersch, Carl and Avila Pires, Bernardo and Guo, Zhaohan and Gheshlaghi Azar, Mohammad and others},
  journal={NeurIPS},
  year={2020}
}

@inproceedings{caron2021emerging,
  title={Emerging properties in self-supervised vision transformers},
  author={Caron, Mathilde and Touvron, Hugo and Misra, Ishan and J{\'e}gou, Herv{\'e} and Mairal, Julien and Bojanowski, Piotr and Joulin, Armand},
  booktitle={ICCV},
  year={2021}
}

@inproceedings{baevski2022data2vec,
  title={Data2vec: A general framework for self-supervised learning in speech, vision and language},
  author={Baevski, Alexei and Hsu, Wei-Ning and Xu, Qiantong and Babu, Arun and Gu, Jiatao and Auli, Michael},
  booktitle={ICML},
  year={2022},
}

@inproceedings{lin2014coco,
  title={Microsoft coco: Common objects in context},
  author={Lin, Tsung-Yi and Maire, Michael and Belongie, Serge and Hays, James and Perona, Pietro and Ramanan, Deva and Doll{\'a}r, Piotr and Zitnick, C Lawrence},
  booktitle={ECCV},
  year={2014},
}

@article{ren2015faster,
  title={Faster r-cnn: Towards real-time object detection with region proposal networks},
  author={Ren, Shaoqing and He, Kaiming and Girshick, Ross and Sun, Jian},
  journal={NeurIPS},
  year={2015}
}



@inproceedings{khosla2011stanforddogs,
  title={Novel dataset for fine-grained image categorization: Stanford dogs},
  author={Khosla, Aditya and Jayadevaprakash, Nityananda and Yao, Bangpeng and Li, Fei-Fei},
  booktitle={CVPR Workshop on Fine-Grained Visual Categorization (FGVC)},
  year={2011},
}
@InProceedings{parkhi2012oxfordpets,
  author       = "Omkar M. Parkhi and Andrea Vedaldi and Andrew Zisserman and C. V. Jawahar",
  title        = "Cats and Dogs",
  booktitle    = "CVPR",
  year         = "2012",
}
@techreport{welinder2010cub200,
	Author = {P. Welinder and S. Branson and T. Mita and C. Wah and F. Schroff and S. Belongie and P. Perona},
	Institution = {California Institute of Technology},
	Number = {CNS-TR-2010-001},
	Title = {{Caltech-UCSD Birds 200}},
	Year = {2010}
}

@inproceedings{van2015buildingNaBird,
  title={Building a bird recognition app and large scale dataset with citizen scientists: The fine print in fine-grained dataset collection},
  author={Van Horn, Grant and Branson, Steve and Farrell, Ryan and Haber, Scott and Barry, Jessie and Ipeirotis, Panos and Perona, Pietro and Belongie, Serge},
  booktitle={CVPR},
  year={2015}
}

@InProceedings{networkx,
  author =       {Aric A. Hagberg and Daniel A. Schult and Pieter J. Swart},
  title =        {Exploring Network Structure, Dynamics, and Function using NetworkX},
  booktitle =   {Proceedings of the 7th Python in Science Conference},
  year =      {2008},
}


@article{bolya2022token,
  title={Token Merging: Your ViT But Faster},
  author={Bolya, Daniel and Fu, Cheng-Yang and Dai, Xiaoliang and Zhang, Peizhao and Feichtenhofer, Christoph and Hoffman, Judy},
  journal={ICLR},
  year={2023}
}

@ARTICLE{li2016convergenticlr,
       author = {{Li}, Yixuan and {Yosinski}, Jason and {Clune}, Jeff and {Lipson}, Hod and {Hopcroft}, John},
        title = "{Convergent Learning: Do different neural networks learn the same representations?}",
      journal = {arXiv:1511.07543},
         year = 2015,
}

@inproceedings{ahn2021ss,
  title={Ss-il: Separated softmax for incremental learning},
  author={Ahn, Hongjoon and Kwak, Jihwan and Lim, Subin and Bang, Hyeonsu and Kim, Hyojun and Moon, Taesup},
  booktitle={ICCV},
  year={2021}
}

@inproceedings{simsek2021geometry,
  title={Geometry of the Loss Landscape in Overparameterized Neural Networks: Symmetries and Invariances},
  author={Simsek, Berfin and Ged, Fran{\c{c}}ois and Jacot, Arthur and Spadaro, Francesco and Hongler, Clement and Gerstner, Wulfram and Brea, Johanni},
  booktitle ={Proceedings of the 38th International Conference on Machine Learning},
  year={2021},
  organization={PMLR},
  }

@inproceedings{jacot2021ntk,
author = {Jacot, Arthur and Gabriel, Franck and Hongler, Cl\'{e}ment},
title = {Neural Tangent Kernel: Convergence and Generalization in Neural Networks (Invited Paper)},
year = {2021},
booktitle = {Proceedings of the 53rd Annual ACM SIGACT Symposium on Theory of Computing},
}

@article{ilharco2022patching,
  title={Patching open-vocabulary models by interpolating weights},
  author={Ilharco, Gabriel and Wortsman, Mitchell and Gadre, Samir Yitzhak and Song, Shuran and Hajishirzi, Hannaneh and Kornblith, Simon and Farhadi, Ali and Schmidt, Ludwig},
  journal={NeurIPS},
  year={2022}
}

@article{ilharco2022editing,
  title={Editing models with task arithmetic},
  author={Ilharco, Gabriel and Ribeiro, Marco Tulio and Wortsman, Mitchell and Gururangan, Suchin and Schmidt, Ludwig and Hajishirzi, Hannaneh and Farhadi, Ali},
  journal={arXiv:2212.04089},
  year={2022}
}

@article{gueta2023knowledge,
  title={Knowledge is a region in weight space for fine-tuned language models},
  author={Gueta, Almog and Venezian, Elad and Raffel, Colin and Slonim, Noam and Katz, Yoav and Choshen, Leshem},
  journal={arXiv:2302.04863},
  year={2023}
}

@article{choshen2022fusing,
  title={Fusing finetuned models for better pretraining},
  author={Choshen, Leshem and Venezian, Elad and Slonim, Noam and Katz, Yoav},
  journal={arXiv:2204.03044},
  year={2022}
}

@article{rame2022recycling,
  title={Recycling diverse models for out-of-distribution generalization},
  author={Ram{\'e}, Alexandre and Ahuja, Kartik and Zhang, Jianyu and Cord, Matthieu and Bottou, L{\'e}on and Lopez-Paz, David},
  journal={arXiv:2212.10445},
  year={2022}
}

@article{yadav2023resolving,
  title={Resolving Interference When Merging Models},
  author={Yadav, Prateek and Tam, Derek and Choshen, Leshem and Raffel, Colin and Bansal, Mohit},
  journal={arXiv:2306.01708},
  year={2023}
}

@inproceedings{donyehiya2023cold,
    title = "{C}ol{D} Fusion: Collaborative Descent for Distributed Multitask Finetuning",
    author = "Don-Yehiya, Shachar  and Venezian, Elad  and Raffel, Colin  and Slonim, Noam  and Choshen, Leshem",
    year = "2023",
    publisher = "Association for Computational Linguistics",
}

@misc{sung2023empirical,
      title={An Empirical Study of Multimodal Model Merging}, 
      author={Yi-Lin Sung and Linjie Li and Kevin Lin and Zhe Gan and Mohit Bansal and Lijuan Wang},
      journal={arXiv:2304.14933},
      year={2023},
}

@Article{Everingham10pascalvoc,
   author = "Everingham, M. and Van~Gool, L. and Williams, C. K. I. and Winn, J. and Zisserman, A.",
   title = "The Pascal Visual Object Classes (VOC) Challenge",
   journal = "International Journal of Computer Vision",
   volume = "88",
   year = "2010",
   number = "2",
   month = jun,
   pages = "303--338",
}

@article{chen2017deeplabv3,
  title={Rethinking atrous convolution for semantic image segmentation},
  author={Chen, Liang-Chieh and Papandreou, George and Schroff, Florian and Adam, Hartwig},
  journal={arXiv preprint arXiv:1706.05587},
  year={2017}
}


@misc{yamada2023revisiting,
      title={Revisiting Permutation Symmetry for Merging Models between Different Datasets}, 
      author={Masanori Yamada and Tomoya Yamashita and Shin'ya Yamaguchi and Daiki Chijiwa},
      year={2023},
      eprint={2306.05641},
      archivePrefix={arXiv},
      primaryClass={cs.LG}
}