@article{gulcehre2022empirical,
  title={An empirical study of implicit regularization in deep offline RL},
  author={Gulcehre, Caglar and Srinivasan, Srivatsan and Sygnowski, Jakub and Ostrovski, Georg and Farajtabar, Mehrdad and Hoffman, Matthew and Pascanu, Razvan and Doucet, Arnaud},
  journal={Transactions on Machine Learning Research},
  year={2022}
}

@inproceedings{dormant_neuron,
  title={The dormant neuron phenomenon in deep reinforcement learning},
  author={Sokar, Ghada and Agarwal, Rishabh and Castro, Pablo Samuel and Evci, Utku},
  booktitle={International Conference on Machine Learning},
  pages={32145--32168},
  year={2023},
  organization={PMLR}
}

@inproceedings{understanding_plasticity,
  title={Understanding plasticity in neural networks},
  author={Lyle, Clare and Zheng, Zeyu and Nikishin, Evgenii and Pires, Bernardo Avila and Pascanu, Razvan and Dabney, Will},
  booktitle={International Conference on Machine Learning},
  pages={23190--23211},
  year={2023},
  organization={PMLR}
}
@article{van2019use,
  title={When to use parametric models in reinforcement learning?},
  author={Van Hasselt, Hado P and Hessel, Matteo and Aslanides, John},
  journal={Advances in Neural Information Processing Systems},
  volume={32},
  year={2019}
}
@inproceedings{fedus2020revisiting,
  title={Revisiting fundamentals of experience replay},
  author={Fedus, William and Ramachandran, Prajit and Agarwal, Rishabh and Bengio, Yoshua and Larochelle, Hugo and Rowland, Mark and Dabney, Will},
  booktitle={International Conference on Machine Learning},
  pages={3061--3071},
  year={2020},
  organization={PMLR}
}
@inproceedings{drq,
  title={Image augmentation is all you need: Regularizing deep reinforcement learning from pixels},
  author={Yarats, Denis and Kostrikov, Ilya and Fergus, Rob},
  booktitle={International conference on learning representations},
  year={2020}
}
@inproceedings{kumar2021dr3,
  title={DR3: Value-Based Deep Reinforcement Learning Requires Explicit Regularization},
  author={Kumar, Aviral and Agarwal, Rishabh and Ma, Tengyu and Courville, Aaron and Tucker, George and Levine, Sergey},
  booktitle={International Conference on Learning Representations},
  year={2021}
}
@article{continual_backprop,
  title={Continual backprop: Stochastic gradient descent with persistent randomness},
  author={Dohare, Shibhansh and Sutton, Richard S and Mahmood, A Rupam},
  journal={arXiv preprint arXiv:2108.06325},
  year={2021}
}

@inproceedings{primacy_bias,
  title={The primacy bias in deep reinforcement learning},
  author={Nikishin, Evgenii and Schwarzer, Max and Dâ€™Oro, Pierluca and Bacon, Pierre-Luc and Courville, Aaron},
  booktitle={International conference on machine learning},
  pages={16828--16847},
  year={2022},
  organization={PMLR}
}

@article{DMC_suite,
  title={Deepmind control suite},
  author={Tassa, Yuval and Doron, Yotam and Muldal, Alistair and Erez, Tom and Li, Yazhe and Casas, Diego de Las and Budden, David and Abdolmaleki, Abbas and Merel, Josh and Lefrancq, Andrew and others},
  journal={arXiv preprint arXiv:1801.00690},
  year={2018}
}

@inproceedings{implicit_under-parameterization,
  title={Implicit Under-Parameterization Inhibits Data-Efficient Deep Reinforcement Learning},
  author={Kumar, Aviral and Agarwal, Rishabh and Ghosh, Dibya and Levine, Sergey},
  booktitle={International Conference on Learning Representations},
  year={2020}
}

@inproceedings{capacity_loss,
  title={Understanding and Preventing Capacity Loss in Reinforcement Learning},
  author={Lyle, Clare and Rowland, Mark and Dabney, Will},
  booktitle={International Conference on Learning Representations},
  year={2021}
}

@article{AlphaGo_Zero,
  title={Mastering the game of go without human knowledge},
  author={Silver, David and Schrittwieser, Julian and Simonyan, Karen and Antonoglou, Ioannis and Huang, Aja and Guez, Arthur and Hubert, Thomas and Baker, Lucas and Lai, Matthew and Bolton, Adrian and others},
  journal={nature},
  volume={550},
  number={7676},
  pages={354--359},
  year={2017},
  publisher={Nature Publishing Group}
}
@article{de2021continual,
  title={A continual learning survey: Defying forgetting in classification tasks},
  author={De Lange, Matthias and Aljundi, Rahaf and Masana, Marc and Parisot, Sarah and Jia, Xu and Leonardis, Ale{\v{s}} and Slabaugh, Gregory and Tuytelaars, Tinne},
  journal={IEEE transactions on pattern analysis and machine intelligence},
  volume={44},
  number={7},
  pages={3366--3385},
  year={2021},
  publisher={IEEE}
}
@article{AlphaFold,
  title={Highly accurate protein structure prediction with AlphaFold},
  author={Jumper, John and Evans, Richard and Pritzel, Alexander and Green, Tim and Figurnov, Michael and Ronneberger, Olaf and Tunyasuvunakool, Kathryn and Bates, Russ and {\v{Z}}{\'\i}dek, Augustin and Potapenko, Anna and others},
  journal={Nature},
  volume={596},
  number={7873},
  pages={583--589},
  year={2021},
  publisher={Nature Publishing Group}
}

@article{GPT4TR,
  author = {OpenAI},
  biburl = {https://www.bibsonomy.org/bibtex/2b87062f1a9478148d2e5dd0006c9c455/tomvoelker},
  interhash = {241e35649065841f159e6105eb87b1d3},
  intrahash = {b87062f1a9478148d2e5dd0006c9c455},
  journal = {ArXiv},
  keywords = {machine-learning GPT-4 OpenAI AI deep-learning},
  timestamp = {2023-07-01T23:51:55.000+0200},
  title = {GPT-4 Technical Report},
  volume = {abs/2303.08774},
  year = 2023
}

@article{Stability-Plasticity_Dilemma_CL,
  title={New Insights for the Stability-Plasticity Dilemma in Online Continual Learning},
  author={Jung, Dahuin and Lee, Dongjin and Hong, Sunwon and Jang, Hyemi and Bae, Ho and Yoon, Sungroh},
  journal={arXiv preprint arXiv:2302.08741},
  year={2023}
}

@inproceedings{plasticity_loss_CRL,
  title={Loss of plasticity in continual deep reinforcement learning},
  author={Abbas, Zaheer and Zhao, Rosie and Modayil, Joseph and White, Adam and Machado, Marlos C},
  booktitle={Conference on Lifelong Learning Agents},
  pages={620--636},
  year={2023},
  organization={PMLR}
}

@article{Plasticity_loss_CL,
  title={Maintaining Plasticity in Deep Continual Learning},
  author={Dohare, Shibhansh and Hernandez-Garcia, J Fernando and Rahman, Parash and Sutton, Richard S and Mahmood, A Rupam},
  journal={arXiv preprint arXiv:2306.13812},
  year={2023}
}

@article{Regenerative_Regularization,
  title={Maintaining Plasticity via Regenerative Regularization},
  author={Kumar, Saurabh and Marklund, Henrik and Van Roy, Benjamin},
  journal={arXiv preprint arXiv:2308.11958},
  year={2023}
}

@inproceedings{breaking_RR_barrier,
  title={Sample-Efficient Reinforcement Learning by Breaking the Replay Ratio Barrier},
  author={D'Oro, Pierluca and Schwarzer, Max and Nikishin, Evgenii and Bacon, Pierre-Luc and Bellemare, Marc G and Courville, Aaron},
  booktitle={The Eleventh International Conference on Learning Representations},
  year={2022}
}

@article{ma2022comprehensive,
  title={A comprehensive survey of data augmentation in visual reinforcement learning},
  author={Ma, Guozheng and Wang, Zhen and Yuan, Zhecheng and Wang, Xueqian and Yuan, Bo and Tao, Dacheng},
  journal={arXiv preprint arXiv:2210.04561},
  year={2022}
}

@article{wang2022vrl3,
  title={Vrl3: A data-driven framework for visual deep reinforcement learning},
  author={Wang, Che and Luo, Xufang and Ross, Keith and Li, Dongsheng},
  journal={Advances in Neural Information Processing Systems},
  volume={35},
  pages={32974--32988},
  year={2022}
}

@inproceedings{DrQ-v2,
  title={Mastering Visual Continuous Control: Improved Data-Augmented Reinforcement Learning},
  author={Yarats, Denis and Fergus, Rob and Lazaric, Alessandro and Pinto, Lerrel},
  booktitle={International Conference on Learning Representations},
  year={2021}
}

@inproceedings{SAC-AE,
  title={Improving sample efficiency in model-free reinforcement learning from images},
  author={Yarats, Denis and Zhang, Amy and Kostrikov, Ilya and Amos, Brandon and Pineau, Joelle and Fergus, Rob},
  booktitle={Proceedings of the AAAI Conference on Artificial Intelligence},
  pages={10674--10681},
  year={2021}
}

@article{tomar2021learning,
  title={Learning Representations for Pixel-based Control: What Matters and Why?},
  author={Tomar, Manan and Mishra, Utkarsh Aashu and Zhang, Amy and Taylor, Matthew E},
  journal={Transactions on Machine Learning Research},
  year={2022}
}

@inproceedings{BBF,
  title={Bigger, Better, Faster: Human-level Atari with human-level efficiency},
  author={Schwarzer, Max and Ceron, Johan Samir Obando and Courville, Aaron and Bellemare, Marc G and Agarwal, Rishabh and Castro, Pablo Samuel},
  booktitle={International Conference on Machine Learning},
  pages={30365--30380},
  year={2023},
  organization={PMLR}
}

@inproceedings{CURL,
  title={Curl: Contrastive unsupervised representations for reinforcement learning},
  author={Laskin, Michael and Srinivas, Aravind and Abbeel, Pieter},
  booktitle={International Conference on Machine Learning},
  pages={5639--5650},
  year={2020},
  organization={PMLR}
}

@inproceedings{ATC,
  title={Decoupling representation learning from reinforcement learning},
  author={Stooke, Adam and Lee, Kimin and Abbeel, Pieter and Laskin, Michael},
  booktitle={International Conference on Machine Learning},
  pages={9870--9879},
  year={2021},
  organization={PMLR}
}
@inproceedings{shang2016understanding,
  title={Understanding and improving convolutional neural networks via concatenated rectified linear units},
  author={Shang, Wenling and Sohn, Kihyuk and Almeida, Diogo and Lee, Honglak},
  booktitle={international conference on machine learning},
  pages={2217--2225},
  year={2016},
  organization={PMLR}
}
@inproceedings{miyato2018spectral,
  title={Spectral Normalization for Generative Adversarial Networks},
  author={Miyato, Takeru and Kataoka, Toshiki and Koyama, Masanori and Yoshida, Yuichi},
  booktitle={International Conference on Learning Representations},
  year={2018}
}

@article{shrink_and_perturb,
  title={On warm-starting neural network training},
  author={Ash, Jordan and Adams, Ryan P},
  journal={Advances in neural information processing systems},
  volume={33},
  pages={3884--3894},
  year={2020}
}

@article{layer_norm,
  title={Layer normalization},
  author={Ba, Jimmy Lei and Kiros, Jamie Ryan and Hinton, Geoffrey E},
  journal={arXiv preprint arXiv:1607.06450},
  year={2016}
}
@inproceedings{RRL,
	title={RRL: Resnet as representation for Reinforcement Learning},
	author={Rutav Shah and Vikash Kumar},
	booktitle={International Conference on Machine Learning},
	year={2021},
	organization={PMLR}

}

@article{Does_SSL,
  title={Does self-supervised learning really improve reinforcement learning from pixels?},
  author={Li, Xiang and Shang, Jinghuan and Das, Srijan and Ryoo, Michael},
  journal={Advances in Neural Information Processing Systems},
  volume={35},
  pages={30865--30881},
  year={2022}
}

@inproceedings{Learning-from-Scratch,
  title={On Pre-Training for Visuo-Motor Control: Revisiting a Learning-from-Scratch Baseline},
  author={Hansen, Nicklas and Yuan, Zhecheng and Ze, Yanjie and Mu, Tongzhou and Rajeswaran, Aravind and Su, Hao and Xu, Huazhe and Wang, Xiaolong},
  booktitle={International Conference on Machine Learning},
  pages={12511--12526},
  year={2023},
  organization={PMLR}
}

@article{Enhancing_Generalization_Plasticity,
  title={Plastic: Improving input and label plasticity for sample efficient reinforcement learning},
  author={Lee, Hojoon and Cho, Hanseul and Kim, Hyunseung and Gwak, Daehoon and Kim, Joonkee and Choo, Jaegul and Yun, Se-Young and Yun, Chulhee},
  journal={Advances in Neural Information Processing Systems},
  volume={36},
  year={2024}
}

@article{MLR,
  title={Mask-based latent reconstruction for reinforcement learning},
  author={Yu, Tao and Zhang, Zhizheng and Lan, Cuiling and Lu, Yan and Chen, Zhibo},
  journal={Advances in Neural Information Processing Systems},
  volume={35},
  pages={25117--25131},
  year={2022}
}

@article{PI-SAC,
  title={Predictive information accelerates learning in rl},
  author={Lee, Kuang-Huei and Fischer, Ian and Liu, Anthony and Guo, Yijie and Lee, Honglak and Canny, John and Guadarrama, Sergio},
  journal={Advances in Neural Information Processing Systems},
  volume={33},
  pages={11890--11901},
  year={2020}
}

@inproceedings{SPR,
  title={Data-Efficient Reinforcement Learning with Self-Predictive Representations},
  author={Schwarzer, Max and Anand, Ankesh and Goel, Rishab and Hjelm, R Devon and Courville, Aaron and Bachman, Philip},
  booktitle={International Conference on Learning Representations},
  year={2020}
}

@article{Playvirtual,
  title={Playvirtual: Augmenting cycle-consistent virtual trajectories for reinforcement learning},
  author={Yu, Tao and Lan, Cuiling and Zeng, Wenjun and Feng, Mingxiao and Zhang, Zhizheng and Chen, Zhibo},
  journal={Advances in Neural Information Processing Systems},
  volume={34},
  pages={5276--5289},
  year={2021}
}

@article{CCLF,
  title={Cclf: A contrastive-curiosity-driven learning framework for sample-efficient reinforcement learning},
  author={Sun, Chenyu and Qian, Hangwei and Miao, Chunyan},
  journal={arXiv preprint arXiv:2205.00943},
  year={2022}
}

@inproceedings{DRIBO,
  title={Dribo: Robust deep reinforcement learning via multi-view information bottleneck},
  author={Fan, Jiameng and Li, Wenchao},
  booktitle={International Conference on Machine Learning},
  pages={6074--6102},
  year={2022},
  organization={PMLR}
}

@article{M-CURL,
  title={Masked contrastive representation learning for reinforcement learning},
  author={Zhu, Jinhua and Xia, Yingce and Wu, Lijun and Deng, Jiajun and Zhou, Wengang and Qin, Tao and Liu, Tie-Yan and Li, Houqiang},
  journal={IEEE Transactions on Pattern Analysis and Machine Intelligence},
  year={2022},
  publisher={IEEE}
}

@article{CPC,
  title={Representation learning with contrastive predictive coding},
  author={Oord, Aaron van den and Li, Yazhe and Vinyals, Oriol},
  journal={arXiv preprint arXiv:1807.03748},
  year={2018}
}

@inproceedings{CCFDM,
  title={Sample-efficient Reinforcement Learning Representation Learning with Curiosity Contrastive Forward Dynamics Model},
  author={Nguyen, Thanh and Luu, Tung M and Vu, Thang and Yoo, Chang D},
  booktitle={2021 IEEE/RSJ International Conference on Intelligent Robots and Systems (IROS)},
  pages={3471--3477},
  year={2021},
  organization={IEEE}
}

@inproceedings{DRIML,
 author = {Mazoure, Bogdan and Tachet des Combes, Remi and Doan, Thang Long and Bachman, Philip and Hjelm, R Devon},
 booktitle = {Advances in Neural Information Processing Systems},
 title = {Deep Reinforcement and InfoMax Learning},
 year = {2020}
}

@article{MVP,
  title={Masked visual pre-training for motor control},
  author={Xiao, Tete and Radosavovic, Ilija and Darrell, Trevor and Malik, Jitendra},
  journal={arXiv preprint arXiv:2203.06173},
  year={2022}
}

@inproceedings{PVR,
  title={The unsurprising effectiveness of pre-trained vision models for control},
  author={Parisi, Simone and Rajeswaran, Aravind and Purushwalkam, Senthil and Gupta, Abhinav},
  booktitle={International Conference on Machine Learning},
  pages={17359--17371},
  year={2022},
  organization={PMLR}
}

@inproceedings{R3M,
  title={R3M: A Universal Visual Representation for Robot Manipulation},
  author={Nair, Suraj and Rajeswaran, Aravind and Kumar, Vikash and Finn, Chelsea and Gupta, Abhinav},
  booktitle={Conference on Robot Learning},
  pages={892--909},
  year={2023},
  organization={PMLR}
}

@inproceedings{ProtoRL,
  title={Reinforcement learning with prototypical representations},
  author={Yarats, Denis and Fergus, Rob and Lazaric, Alessandro and Pinto, Lerrel},
  booktitle={International Conference on Machine Learning},
  pages={11920--11931},
  year={2021},
  organization={PMLR}
}

@article{Plasticity_Injection,
  title={Deep reinforcement learning with plasticity injection},
  author={Nikishin, Evgenii and Oh, Junhyuk and Ostrovski, Georg and Lyle, Clare and Pascanu, Razvan and Dabney, Will and Barreto, Andr{\'e}},
  journal={Advances in Neural Information Processing Systems},
  volume={36},
  year={2024}
}

@article{ma2023learning,
  title={Learning Better with Less: Effective Augmentation for Sample-Efficient Visual Reinforcement Learning},
  author={Ma, Guozheng and Zhang, Linrui and Wang, Haoyu and Li, Lu and Wang, Zilin and Wang, Zhen and Shen, Li and Wang, Xueqian and Tao, Dacheng},
  journal={Advances in Neural Information Processing Systems},
  volume={36},
  year={2024}
}
@inproceedings{kaiser2019model,
  title={Model Based Reinforcement Learning for Atari},
  author={Kaiser, {\L}ukasz and Babaeizadeh, Mohammad and Mi{\l}os, Piotr and Osi{\'n}ski, B{\l}a{\.z}ej and Campbell, Roy H and Czechowski, Konrad and Erhan, Dumitru and Finn, Chelsea and Kozakowski, Piotr and Levine, Sergey and others},
  booktitle={International Conference on Learning Representations},
  year={2019}
}
@article{castro18dopamine,
  author    = {Pablo Samuel Castro and
               Subhodeep Moitra and
               Carles Gelada and
               Saurabh Kumar and
               Marc G. Bellemare},
  title     = {Dopamine: {A} {R}esearch {F}ramework for {D}eep {R}einforcement {L}earning},
  year      = {2018},
  url       = {http://arxiv.org/abs/1812.06110},
  archivePrefix = {arXiv}
}
@inproceedings{REDQ,
  title={Randomized Ensembled Double Q-Learning: Learning Fast Without a Model},
  author={Chen, Xinyue and Wang, Che and Zhou, Zijian and Ross, Keith W},
  booktitle={International Conference on Learning Representations},
  year={2020}
}

@article{smith2022walk,
  title={A walk in the park: Learning to walk in 20 minutes with model-free reinforcement learning},
  author={Smith, Laura and Kostrikov, Ilya and Levine, Sergey},
  journal={arXiv preprint arXiv:2208.07860},
  year={2022}
}

@inproceedings{Regulating_Overfitting,
  title={Efficient Deep Reinforcement Learning Requires Regulating Overfitting},
  author={Li, Qiyang and Kumar, Aviral and Kostrikov, Ilya and Levine, Sergey},
  booktitle={The Eleventh International Conference on Learning Representations},
  year={2022}
}

@article{RAD,
  title={Reinforcement learning with augmented data},
  author={Laskin, Misha and Lee, Kimin and Stooke, Adam and Pinto, Lerrel and Abbeel, Pieter and Srinivas, Aravind},
  journal={Advances in neural information processing systems},
  volume={33},
  pages={19884--19895},
  year={2020}
}

@article{SMR,
  title={Off-Policy RL Algorithms Can be Sample-Efficient for Continuous Control via Sample Multiple Reuse},
  author={Lyu, Jiafei and Wan, Le and Lu, Zongqing and Li, Xiu},
  journal={Information Sciences},
  pages={120371},
  year={2024},
  publisher={Elsevier}
}
@article{yuan2022pre,
  title={Pre-trained image encoder for generalizable visual reinforcement learning},
  author={Yuan, Zhecheng and Xue, Zhengrong and Yuan, Bo and Wang, Xueqian and Wu, Yi and Gao, Yang and Xu, Huazhe},
  journal={Advances in Neural Information Processing Systems},
  volume={35},
  pages={13022--13037},
  year={2022}
}

@inproceedings{A-LIX,
  title={Stabilizing Off-Policy Deep Reinforcement Learning from Pixels},
  author={Cetin, Edoardo and Ball, Philip J and Roberts, Stephen and Celiktutan, Oya},
  booktitle={International Conference on Machine Learning},
  pages={2784--2810},
  year={2022},
  organization={PMLR}
}